<?xml version="1.0" encoding="UTF-8"?>
  <record xmlns="http://www.loc.gov/MARC21/slim" type="Authority">
    <leader>00000nz  a2200000oc 4500</leader>
    <controlfield tag="001">1056114770</controlfield>
    <controlfield tag="003">DE-101</controlfield>
    <controlfield tag="005">20220604114236.0</controlfield>
    <controlfield tag="008">140821n||aznnnaabn           | aaa    |c</controlfield>
    <datafield tag="024" ind1="7" ind2=" ">
      <subfield code="a">1056114770</subfield>
      <subfield code="0">http://d-nb.info/gnd/1056114770</subfield>
      <subfield code="2">gnd</subfield>
    </datafield>
    <datafield tag="035" ind1=" " ind2=" ">
      <subfield code="a">(DE-101)1056114770</subfield>
    </datafield>
    <datafield tag="035" ind1=" " ind2=" ">
      <subfield code="a">(DE-588)1056114770</subfield>
    </datafield>
    <datafield tag="040" ind1=" " ind2=" ">
      <subfield code="a">DE-23</subfield>
      <subfield code="c">DE-23</subfield>
      <subfield code="9">r:DE-601</subfield>
      <subfield code="b">ger</subfield>
      <subfield code="d">1210</subfield>
    </datafield>
    <datafield tag="042" ind1=" " ind2=" ">
      <subfield code="a">gnd3</subfield>
    </datafield>
    <datafield tag="043" ind1=" " ind2=" ">
      <subfield code="c">XA-DE</subfield>
    </datafield>
    <datafield tag="075" ind1=" " ind2=" ">
      <subfield code="b">p</subfield>
      <subfield code="2">gndgen</subfield>
    </datafield>
    <datafield tag="075" ind1=" " ind2=" ">
      <subfield code="b">piz</subfield>
      <subfield code="2">gndspec</subfield>
    </datafield>
    <datafield tag="079" ind1=" " ind2=" ">
      <subfield code="a">g</subfield>
      <subfield code="q">a</subfield>
      <subfield code="q">f</subfield>
    </datafield>
    <datafield tag="100" ind1="0" ind2=" ">
      <subfield code="a">Johann</subfield>
      <subfield code="c">Dhaun-Kyrburg, Wild- und Rheingraf, IX.</subfield>
      <subfield code="d">1575-1623</subfield>
    </datafield>
    <datafield tag="400" ind1="1" ind2=" ">
      <subfield code="a">Wild- und Rheingraf in Kyrburg, Johann</subfield>
      <subfield code="d">1575-1623</subfield>
    </datafield>
    <datafield tag="400" ind1="1" ind2=" ">
      <subfield code="a">Salm-Kyrburg-Mörchingen, Johann</subfield>
      <subfield code="b">IX</subfield>
      <subfield code="d">1575-1623</subfield>
    </datafield>
    <datafield tag="400" ind1="1" ind2=" ">
      <subfield code="a">Salm-Kyrburg-Mörchingen, Johann</subfield>
      <subfield code="b">der Ältere</subfield>
      <subfield code="d">1575-1623</subfield>
    </datafield>
    <datafield tag="400" ind1="1" ind2=" ">
      <subfield code="a">Salm-Mörchingen, Johann</subfield>
      <subfield code="b">IX.</subfield>
      <subfield code="d">1575-1623</subfield>
    </datafield>
    <datafield tag="400" ind1="1" ind2=" ">
      <subfield code="a">Kyrburg, Johann &#152;zu&#156;</subfield>
      <subfield code="c">Wild- und Rheingraf</subfield>
      <subfield code="d">1575-1623</subfield>
    </datafield>
    <datafield tag="400" ind1="1" ind2=" ">
      <subfield code="a">Dhaun und Kyrburg, Johann &#152;zu&#156;</subfield>
      <subfield code="c">Wild- und Rheingraf</subfield>
      <subfield code="d">1575-1623</subfield>
    </datafield>
    <datafield tag="400" ind1="1" ind2=" ">
      <subfield code="a">Dhaun und Kirburg, Johann &#152;zu&#156;</subfield>
      <subfield code="c">Wild- und Rheingraf</subfield>
      <subfield code="d">1575-1623</subfield>
    </datafield>
    <datafield tag="500" ind1="1" ind2=" ">
      <subfield code="0">(DE-101)124315542</subfield>
      <subfield code="0">(DE-588)124315542</subfield>
      <subfield code="0">https://d-nb.info/gnd/124315542</subfield>
      <subfield code="a">Kyrburg, Otto &#152;zu&#156;</subfield>
      <subfield code="d">1545-1607</subfield>
      <subfield code="4">bezf</subfield>
      <subfield code="4">https://d-nb.info/standards/elementset/gnd#familialRelationship</subfield>
      <subfield code="w">r</subfield>
      <subfield code="i">Beziehung familiaer</subfield>
      <subfield code="e">Beziehung familiaer</subfield>
      <subfield code="9">v:Vater</subfield>
    </datafield>
    <datafield tag="500" ind1="1" ind2=" ">
      <subfield code="0">(DE-101)1220313661</subfield>
      <subfield code="0">(DE-588)1220313661</subfield>
      <subfield code="0">https://d-nb.info/gnd/1220313661</subfield>
      <subfield code="a">Kriechingen, Anna Katharina &#152;von&#156;</subfield>
      <subfield code="d">-1638</subfield>
      <subfield code="4">bezf</subfield>
      <subfield code="4">https://d-nb.info/standards/elementset/gnd#familialRelationship</subfield>
      <subfield code="w">r</subfield>
      <subfield code="i">Beziehung familiaer</subfield>
      <subfield code="e">Beziehung familiaer</subfield>
      <subfield code="9">v:Ehefrau</subfield>
    </datafield>
    <datafield tag="500" ind1="1" ind2=" ">
      <subfield code="0">(DE-101)1016521774</subfield>
      <subfield code="0">(DE-588)1016521774</subfield>
      <subfield code="0">https://d-nb.info/gnd/1016521774</subfield>
      <subfield code="a">Salm, Otto &#152;zu&#156;</subfield>
      <subfield code="d">1578-1637</subfield>
      <subfield code="4">bezf</subfield>
      <subfield code="4">https://d-nb.info/standards/elementset/gnd#familialRelationship</subfield>
      <subfield code="w">r</subfield>
      <subfield code="i">Beziehung familiaer</subfield>
      <subfield code="e">Beziehung familiaer</subfield>
      <subfield code="9">v:Bruder</subfield>
    </datafield>
    <datafield tag="500" ind1="0" ind2=" ">
      <subfield code="0">(DE-101)1056114789</subfield>
      <subfield code="0">(DE-588)1056114789</subfield>
      <subfield code="0">https://d-nb.info/gnd/1056114789</subfield>
      <subfield code="a">Johann Kasimir</subfield>
      <subfield code="c">Dhaun-Kyrburg, Wild- und Rheingraf</subfield>
      <subfield code="d">1577-1651</subfield>
      <subfield code="4">bezf</subfield>
      <subfield code="4">https://d-nb.info/standards/elementset/gnd#familialRelationship</subfield>
      <subfield code="w">r</subfield>
      <subfield code="i">Beziehung familiaer</subfield>
      <subfield code="e">Beziehung familiaer</subfield>
      <subfield code="9">v:Bruder</subfield>
    </datafield>
    <datafield tag="500" ind1="1" ind2=" ">
      <subfield code="0">(DE-101)123112893</subfield>
      <subfield code="0">(DE-588)123112893</subfield>
      <subfield code="0">https://d-nb.info/gnd/123112893</subfield>
      <subfield code="a">Salm, Johann Philipp &#152;zu&#156;</subfield>
      <subfield code="d">-1638</subfield>
      <subfield code="4">bezf</subfield>
      <subfield code="4">https://d-nb.info/standards/elementset/gnd#familialRelationship</subfield>
      <subfield code="w">r</subfield>
      <subfield code="i">Beziehung familiaer</subfield>
      <subfield code="e">Beziehung familiaer</subfield>
      <subfield code="9">v:Sohn</subfield>
    </datafield>
    <datafield tag="500" ind1="1" ind2=" ">
      <subfield code="0">(DE-101)121446522</subfield>
      <subfield code="0">(DE-588)121446522</subfield>
      <subfield code="0">https://d-nb.info/gnd/121446522</subfield>
      <subfield code="a">Salm, Otto Ludwig &#152;zu&#156;</subfield>
      <subfield code="d">1597-1634</subfield>
      <subfield code="4">bezf</subfield>
      <subfield code="4">https://d-nb.info/standards/elementset/gnd#familialRelationship</subfield>
      <subfield code="w">r</subfield>
      <subfield code="i">Beziehung familiaer</subfield>
      <subfield code="e">Beziehung familiaer</subfield>
      <subfield code="9">v:Sohn</subfield>
    </datafield>
    <datafield tag="500" ind1="1" ind2=" ">
      <subfield code="0">(DE-101)1220314684</subfield>
      <subfield code="0">(DE-588)1220314684</subfield>
      <subfield code="0">https://d-nb.info/gnd/1220314684</subfield>
      <subfield code="a">Salm-Kyrburg-Mörchingen, Johann</subfield>
      <subfield code="b">X.</subfield>
      <subfield code="d">-1634</subfield>
      <subfield code="4">bezf</subfield>
      <subfield code="4">https://d-nb.info/standards/elementset/gnd#familialRelationship</subfield>
      <subfield code="w">r</subfield>
      <subfield code="i">Beziehung familiaer</subfield>
      <subfield code="e">Beziehung familiaer</subfield>
      <subfield code="9">v:Sohn</subfield>
    </datafield>
    <datafield tag="500" ind1="1" ind2=" ">
      <subfield code="0">(DE-101)1220314919</subfield>
      <subfield code="0">(DE-588)1220314919</subfield>
      <subfield code="0">https://d-nb.info/gnd/1220314919</subfield>
      <subfield code="a">Salm-Kyrburg-Mörchingen, Georg</subfield>
      <subfield code="d">-1634</subfield>
      <subfield code="4">bezf</subfield>
      <subfield code="4">https://d-nb.info/standards/elementset/gnd#familialRelationship</subfield>
      <subfield code="w">r</subfield>
      <subfield code="i">Beziehung familiaer</subfield>
      <subfield code="e">Beziehung familiaer</subfield>
      <subfield code="9">v:Sohn</subfield>
    </datafield>
    <datafield tag="500" ind1="1" ind2=" ">
      <subfield code="0">(DE-101)1220315559</subfield>
      <subfield code="0">(DE-588)1220315559</subfield>
      <subfield code="0">https://d-nb.info/gnd/1220315559</subfield>
      <subfield code="a">Salm-Kyrburg-Mörchingen, Dorothea Diana &#152;von&#156;</subfield>
      <subfield code="d">1604-1672</subfield>
      <subfield code="4">bezf</subfield>
      <subfield code="4">https://d-nb.info/standards/elementset/gnd#familialRelationship</subfield>
      <subfield code="w">r</subfield>
      <subfield code="i">Beziehung familiaer</subfield>
      <subfield code="e">Beziehung familiaer</subfield>
      <subfield code="9">v:Tochter</subfield>
    </datafield>
    <datafield tag="500" ind1="1" ind2=" ">
      <subfield code="0">(DE-101)1220315648</subfield>
      <subfield code="0">(DE-588)1220315648</subfield>
      <subfield code="0">https://d-nb.info/gnd/1220315648</subfield>
      <subfield code="a">Salm-Kyrburg-Mörchingen, Anna Amalie &#152;von&#156;</subfield>
      <subfield code="d">1604-1676</subfield>
      <subfield code="4">bezf</subfield>
      <subfield code="4">https://d-nb.info/standards/elementset/gnd#familialRelationship</subfield>
      <subfield code="w">r</subfield>
      <subfield code="i">Beziehung familiaer</subfield>
      <subfield code="e">Beziehung familiaer</subfield>
      <subfield code="9">v:Tochter</subfield>
    </datafield>
    <datafield tag="548" ind1=" " ind2=" ">
      <subfield code="a">1575-1623</subfield>
      <subfield code="4">datl</subfield>
      <subfield code="4">https://d-nb.info/standards/elementset/gnd#dateOfBirthAndDeath</subfield>
      <subfield code="w">r</subfield>
      <subfield code="i">Lebensdaten</subfield>
    </datafield>
    <datafield tag="550" ind1=" " ind2=" ">
      <subfield code="0">(DE-101)040217787</subfield>
      <subfield code="0">(DE-588)4021778-4</subfield>
      <subfield code="0">https://d-nb.info/gnd/4021778-4</subfield>
      <subfield code="a">Graf</subfield>
      <subfield code="4">adel</subfield>
      <subfield code="4">https://d-nb.info/standards/elementset/gnd#titleOfNobility</subfield>
      <subfield code="w">r</subfield>
      <subfield code="i">Adelstitel</subfield>
    </datafield>
    <datafield tag="550" ind1=" " ind2=" ">
      <subfield code="0">(DE-101)040004643</subfield>
      <subfield code="0">(DE-588)4000464-8</subfield>
      <subfield code="0">https://d-nb.info/gnd/4000464-8</subfield>
      <subfield code="a">Adel</subfield>
      <subfield code="4">obin</subfield>
      <subfield code="4">https://d-nb.info/standards/elementset/gnd#broaderTermInstantial</subfield>
      <subfield code="w">r</subfield>
      <subfield code="i">Oberbegriff instantiell</subfield>
    </datafield>
    <datafield tag="551" ind1=" " ind2=" ">
      <subfield code="0">(DE-101)988592339</subfield>
      <subfield code="0">(DE-588)7611070-9</subfield>
      <subfield code="0">https://d-nb.info/gnd/7611070-9</subfield>
      <subfield code="a">Diemeringen</subfield>
      <subfield code="4">orts</subfield>
      <subfield code="4">https://d-nb.info/standards/elementset/gnd#placeOfDeath</subfield>
      <subfield code="w">r</subfield>
      <subfield code="i">Sterbeort</subfield>
    </datafield>
    <datafield tag="670" ind1=" " ind2=" ">
      <subfield code="a">Europ. Stammtafeln</subfield>
      <subfield code="b">N.F., 4, Taf. 105</subfield>
    </datafield>
    <datafield tag="670" ind1=" " ind2=" ">
      <subfield code="a">Wikipedia</subfield>
    </datafield>
    <datafield tag="672" ind1=" " ind2="0">
      <subfield code="a">Christliche Leichpredigt Gehalten zu Diemeringen den 16. Sontag nach Trinitatis 28. Septemb. Als der Gräfliche Leichnam/ Weyland deß Hoch unnd Wolgebornen Graffen und Herren/ Herrn Johan[n] desz Eltern/ Wildt: und Rheingraffens/ Graffens zu Salm/ und Herrn zu Vinstingen, [et]c. Welcher Sambstags den 6. Septembris, dieses 1623. Jahrs ein viertelstund nach 1. Uhr mittag/ in dem Gräflichen Schloß daselbst/ sanfft und selig in dem Herrn Christo entschlaffen/ auff gemelten 16. sontag nach Trinitatis, in die Pfarrkirchen gestellet/ unnd folgenden tag den 29. selbigen Monats naher Vinstingen geführet/ unnd daselbst in der Evangelischen Kirchen Christlich und Gräflich zur Erden bestattet worden.Gehalten durch Johannem König Erphordensem, Pfarrherrn daselbst. Strasßburg: Andreas</subfield>
      <subfield code="f">1623</subfield>
    </datafield>
    <datafield tag="678" ind1=" " ind2=" ">
      <subfield code="b">Wild- und Rheingraf zu Kyrburg und Graf zu Salm. Sohn von Otto I. (1538–1607) und Ottilie von Nassau-Weilburg (1546– um 1610),</subfield>
    </datafield>
  </record>
